<record><leader>00000cas a22000007a 4500</leader><controlfield tag="001">14277595</controlfield><controlfield tag="008">860929d18901913txuwr ne      0    0eng d</controlfield><datafield ind1=" " ind2=" " tag="010"><subfield code="a">sn 86089303 </subfield></datafield><datafield ind1=" " ind2=" " tag="040"><subfield code="a">PPM</subfield><subfield code="b">eng</subfield><subfield code="c">PPM</subfield><subfield code="d">OCLCQ</subfield></datafield><datafield ind1=" " ind2=" " tag="042"><subfield code="a">msc</subfield></datafield><datafield ind1="0" ind2="4" tag="245"><subfield code="a">The Milford courier.</subfield></datafield><datafield ind1=" " ind2=" " tag="260"><subfield code="a">Milford, Tex. :</subfield><subfield code="b">H.P. Jones</subfield></datafield><datafield ind1=" " ind2=" " tag="300"><subfield code="a">v. :</subfield><subfield code="b">ill. ;</subfield><subfield code="c">51 cm.</subfield></datafield><datafield ind1=" " ind2=" " tag="310"><subfield code="a">Weekly</subfield></datafield><datafield ind1="1" ind2=" " tag="362"><subfield code="a">Began in 1890; ceased in 1913?</subfield></datafield><datafield ind1=" " ind2=" " tag="588"><subfield code="a">Description based on: Vol. 2, no. 44 (Oct. 29, 1892).</subfield></datafield><datafield ind1=" " ind2=" " tag="752"><subfield code="a">United States</subfield><subfield code="b">Texas</subfield><subfield code="c">Ellis</subfield><subfield code="d">Milford.</subfield></datafield><datafield ind1="0" ind2="0" tag="780"><subfield code="t">Milford news</subfield></datafield></record>